=LDR  01213cas a22003978  4500
=001  005568838
=003  Uk
=005  20220906092445.0
=007  ta
=008  040417c19959999enkar\p\\\\\\\0\\\a0eng\\
=022  0\$a1361-1615$202
=040  \\$aUk$beng$cUk$dUk
=042  \\$axissnuk
=222  \0$aTruck buyer
=245  00$aTruck buyer.
=263  \\$a199511
=264  \1$aFeltham :$bComag
=336  \\$atext$2rdacontent
=337  \\$aunmediated$2rdamedia
=338  \\$avolume$2rdacarrier
=852  41$aBritish Library$bHMNTS
=985  \\$aISSN suppressed 17.08.2022.
=985  \\$aISSN record only. Please do not merge this record. Do not add items.
=A02  \\$a1065829$z65829
=CAT  \\$aCONV$b00$c20040502$lBLL01$h1107
=CAT  \\$aBATCH$b00$c20091206$lBLL01$h0036
=CAT  \\$aBATCH$b00$c20091213$lBLL01$h2346
=CAT  \\$aBATCH$b00$c20091216$lBLL01$h0024
=CAT  \\$aW1711-1225$c20171203$lBLL01$h1014
=CAT  \\$a11205$b40$c20220817$lBLL01$h1131
=CAT  \\$a10973$b40$c20220906$lBLL01$h0924
=FMT  \\$a  SE
=LAS  \\$a10973$b40$c20220906$lBLL01$h0924
=SRC  \\$aDSS04$bbibld.200404.2.aa
=STA  \\$aSUPPRESSED$bunable to determine reason for suppression
=TCO  \\$aZZZ$c008

