=LDR  00958 as a22003253  4500
=001  005569970
=003  Uk
=005  20050302140024.0
=008  040421c20019999enkqr\p\\\\\\\0\\\a0eng\\
=022  \\$a1473-2386$202
=040  \\$aUk$beng$cUk
=042  \\$axissnuk
=222  \0$aActivity fun ... special
=245  00$aActivity fun ... special.
=260  \\$aExeter :$bLCD Pub.
=336  \\$atext$2rdacontent
=337  \\$aunmediated$2rdamedia
=338  \\$avolume$2rdacarrier
=852  41$aBritish Library$bHMNTS
=985  \\$aISSN suppressed 2.3.05. Copy never seen - L7
=A02  \\$a1109050$z109050
=CAT  \\$aCONV$b00$c20040502$lBLL01$h1107
=CAT  \\$a8870$b40$c20050302$lBLL01$h1400
=CAT  \\$aBATCH$b00$c20091206$lBLL01$h0037
=CAT  \\$aBATCH-UPD$b00$c20121030$lBLL01$h1626
=FMT  \\$a  SE
=LAS  \\$aBATCH-UPD$b00$c20121030$lBLL01$h1626
=SRC  \\$aDSS04$bbibld.200404.2.aa
=STA  \\$aSUPPRESSED$bISSN
=TCO  \\$aCLA$bCLA$c008

