=LDR  01334cas a22004333i 4500
=001  005570421
=003  Uk
=005  20230111094736.0
=007  ta
=008  040417m19979999enkmr\p\\\\\\\0\\\a0eng\\
=022  0\$a1368-7735$202
=040  \\$aUk$beng$cUk$erda
=042  \\$axissnuk
=222  \0$aWheelbase
=245  00$aWheelbase
=263  \\$a199706
=264  \1$aKendal :$bWheelbase Warehouse
=310  \\$aMonthly
=336  \\$atext$2rdacontent
=337  \\$aunmediated$2rdamedia
=338  \\$avolume$2rdacarrier
=852  41$aBritish Library$bHMNTS
=985  \\$aISSN SUPPRESSED. No evidence of publication 11/01/23
=985  \\$aISSN record only. Do not merge. Do not add items.
=A02  \\$a1079556$z79556
=CAT  \\$aCONV$b00$c20040502$lBLL01$h1107
=CAT  \\$aBATCH$b00$c20091206$lBLL01$h0037
=CAT  \\$aBATCH$b00$c20091213$lBLL01$h2347
=CAT  \\$aBATCH$b00$c20091216$lBLL01$h0025
=CAT  \\$a11130$b40$c20141230$lBLL01$h1317
=CAT  \\$a11130$b40$c20141230$lBLL01$h1332
=CAT  \\$aW1711-1225$c20171203$lBLL01$h1014
=CAT  \\$a15061$b40$c20230111$lBLL01$h0947
=FMT  \\$a  SE
=LAS  \\$a15061$b40$c20230111$lBLL01$h0947
=SRC  \\$aDSS04$bbibld.200404.2.aa
=STA  \\$aSUPPRESSED$bunable to determine reason for suppression
=STA  \\$aSUPPRESSED$bISSN
=TCO  \\$aZZZ$c008

