=LDR  01081cas a22003373  4500
=001  005571147
=003  Uk
=005  20230302100507.0
=008  040417m\\\\\\\\|||b|||||||||||||||0und\\
=022  \\$a1470-0182
=042  \\$axissnuk
=245  00$aGRAND PRIX 2000 - POSTER
=336  \\$atext$2rdacontent
=337  \\$aunmediated$2rdamedia
=338  \\$avolume$2rdacarrier
=852  41$aBritish Library$bHMNTS
=985  \\$aISSN SUPPRESSED. No evidence of publication 02/03/23
=985  \\$aISSN record only. Do not merge. Do not add items.
=A02  \\$a1103042$z103042
=CAT  \\$aCONV$b00$c20040502$lBLL01$h1108
=CAT  \\$aBATCH$b00$c20091206$lBLL01$h0037
=CAT  \\$aBATCH$b00$c20091213$lBLL01$h2348
=CAT  \\$aBATCH$b00$c20091216$lBLL01$h0025
=CAT  \\$aW1711-1225$c20171203$lBLL01$h1014
=CAT  \\$a15061$b40$c20230302$lBLL01$h1005
=FMT  \\$a  SE
=LAS  \\$a15061$b40$c20230302$lBLL01$h1005
=SRC  \\$aDSS04$bbibld.200404.2.aa
=STA  \\$aSUPPRESSED$bunable to determine reason for suppression
=STA  \\$aSUPPRESSED$bISSN
=TCO  \\$aZZZ$c008

