=LDR  01029cas a22003253  4500
=001  007200644
=003  Uk
=005  20230112142733.0
=008  040416u\\\\\\\\|||a|||||||||||||||0und\\
=022  \\$a1368-1125
=042  \\$axissnuk
=245  00$aNOVARTIS RHEUMATOLOGY SERVICE # MAIN WORK
=336  \\$atext$2rdacontent
=337  \\$aunmediated$2rdamedia
=338  \\$avolume$2rdacarrier
=852  41$aBritish Library$bSTI$31997.
=985  \\$aISSN SUPPRESSED. No evidence of publication 12/01/23
=985  \\$aISSN record only. Do not merge. Do not add items.
=A02  \\$a1441820$z41820
=CAT  \\$aCONV$b00$c20040425$lBLL90$h0713
=CAT  \\$aCONV$b00$c20040502$lBLL01$h1212
=CAT  \\$aBATCH$b00$c20091207$lBLL01$h0418
=CAT  \\$aBATCH$b00$c20091214$lBLL01$h0224
=CAT  \\$aBATCH$b00$c20091216$lBLL01$h0043
=CAT  \\$a15061$b40$c20230112$lBLL01$h1427
=FMT  \\$a  SE
=LAS  \\$a15061$b40$c20230112$lBLL01$h1427
=SRC  \\$aDSS03$bbibsr.200404.2.aa
=STA  \\$aSUPPRESSED$bISSN
=TCO  \\$aZZZ$c008

