=LDR  03560cas a22008657i 4500
=001  009878053
=003  Uk
=005  20221231193227.0
=007  ta
=008  040410d19981998enkuu\p\\\\\\\0\\\a0eng\\
=019  c\$a2573764
=022  0\$a1369-5304$202
=040  \\$aUk$beng$cUk$erda
=042  \\$axissnuk
=222  \0$aSmart thinking
=245  00$aSmart thinking.
=264  \1$aHeaton :$bSmart Publications & Training
=336  \\$atext$2rdacontent
=337  \\$aunmediated$2rdamedia
=338  \\$avolume$2rdacarrier
=362  0\$aIssue 0.
=515  \\$aIssue 0, mini version of main magazine to be launched in Oct. 1998. Main magazine never launched.
=540  \\$aCurrent Copyright Fee: GBP25.00$c0$5Uk
=852  41$aBritish Library$bHMNTS
=945  \\$aSmart thinking.
=979  \\$aBritish Library$bDSC$j8310.193760N
=985  \\$aISSN suppressed 31.03.2017. Not published.
=985  \\$aISSN record only. Do not merge. Do not add items.
=985  \\$aOnly issue 0 received in Oct. 1998. Main magazine never launched.
=A02  \\$a2573764
=ACF  \\$aPrevious copyright fee: GBP9.00$c0$e01-apr-2010$fGBP9.00$g0$hA$5Uk
=ACF  \\$aPrevious copyright fee: GBP6.00$c0$e01-apr-2008$fGBP6.00$g0$hA$5Uk
=ACF  \\$aPrevious copyright fee: GBP5.00$c0$e01-jul-2002$fGBP5.00$g0$hA$5Uk
=ACF  \\$aCurrent copyright fee: GBP4.40$c0$e27-oct-1998$fGBP4.40$g0$hA$5Uk
=ACF  \\$aPrevious copyright fee: GBP10.50$c0$e01-jan-2011$fGBP10.50$g0$hA$5Uk
=ACF  \\$aPrevious copyright fee: GBP12.00$c0$e01-jan-2012$fGBP12.00$g0$hA$5Uk
=ACF  \\$aPrevious Copyright Fee: GBP12.30$c0$e01-jan-2014$fGBP12.30$g0$hA$5Uk
=ACF  \\$aPrevious Copyright Fee: GBP15.00$c0$e01-jan-2017$fGBP15.00$g0$hA$5Uk
=ACF  \\$aPrevious Copyright Fee: GBP17.50$c0$e01-jan-2018$fGBP17.50$g0$hA$5Uk
=ACF  \\$aPrevious Copyright Fee: GBP20.00$c0$e01-jan-2020$fGBP20.00$g0$hA$5Uk
=CAT  \\$aCONV$b00$c20040425$lBLL90$h0710
=CAT  \\$aBATCH-UPD$b00$c20101125$lBLL01$h1058
=CAT  \\$aIPL-CLA$c20101231$lBLL01$h1328
=CAT  \\$aWR11_203$c20111204$lBLL01$h1358
=CAT  \\$aIPL-CLA$c20111230$lBLL01$h1828
=CAT  \\$aBATCH-CLA$b00$c20121105$lBLL01$h1750
=CAT  \\$aWR13.005$c20130323$lBLL01$h1402
=CAT  \\$aBATCH-CLA$c20131218$lBLL01$h2235
=CAT  \\$aIPL-CLA$c20131231$lBLL01$h2052
=CAT  \\$a8456$b40$c20140515$lBLL01$h0950
=CAT  \\$a8456$b40$c20140515$lBLL01$h0952
=CAT  \\$a8456$b40$c20140515$lBLL01$h0955
=CAT  \\$a11130$b40$c20141103$lBLL01$h1123
=CAT  \\$aBATCH-CLA$b00$c20161222$lBLL01$h1727
=CAT  \\$aIPL-CLA$c20161230$lBLL01$h1927
=CAT  \\$aISSN$b40$c20170329$lBLL01$h1052
=CAT  \\$a11130$b40$c20170331$lBLL01$h1045
=CAT  \\$aBATCH-CLA$b00$c20171222$lBLL01$h2030
=CAT  \\$aIPL-CLA$c20171231$lBLL01$h1458
=CAT  \\$aBATCH-CLA$b00$c20191219$lBLL01$h1653
=CAT  \\$aIPL-CLA$c20191231$lBLL01$h1815
=CAT  \\$aR2001-1524$c20200127$lBLL01$h1939
=CAT  \\$aBATCH-CLA$b00$c20201204$lBLL01$h1450
=CAT  \\$aIPL-CLA$c20201231$lBLL01$h2022
=CAT  \\$aBATCH-CLA$b00$c20221221$lBLL01$h1756
=CAT  \\$aIPL-CLA$c20221231$lBLL01$h1932
=CFI  0\$aCurrent Copyright Fee: GBP25.00$c0$e01-jan-2023$fGBP25.00$g0$hA$5Uk
=CFI  2\$aPrevious Copyright Fee: GBP22.50$c0$e01-jan-2021$fGBP22.50$g0$hA$5Uk
=FIN  \\$aY
=FMT  \\$a  SE
=LAS  \\$aIPL-CLA$b00$c20221231$lBLL01$h1932
=LEO  \\$aMP10.0000537965
=SRC  \\$aDSS01$bbibmp10.200404.2.aa
=STA  \\$aSUPPRESSED$bISSN
=TCO  \\$aCLA$bCLA$c008

