=LDR  02013 as a2200637ua 4500
=001  009909062
=003  Uk
=005  20201203153008.0
=006  aac\\|||||||||||||
=007  ta
=008  991004c19989999enkbr\p\\\\\\\0\\\a0eng\\
=015  \\$aGBA065771$2bnb
=019  y\$abA065771
=019  9\$abA065771
=019  1\$abA065771
=022  0\$a1468-5116$202
=039  0\$a2622
=040  \\$aUk$cUk
=042  \\$axissnuk
=082  04$a797.230941$221
=210  0\$a9>90$b(Wigan)
=222  \0$a9>90$b(Wigan)
=245  00$a9>90 :$bUK diving in depth.
=246  03$a9>90 magazine
=260  \\$aWigan (PO Box 51, Wigan, Lancs WN4 0FD) :$b990,$c1998-
=300  \\$av. :$bill. (some col.), col. ports. ;$c30cm.
=310  \\$aQuarterly
=336  \\$atext$2rdacontent
=337  \\$aunmediated$2rdamedia
=338  \\$avolume$2rdacarrier
=362  0\$aVol. 1, issue 1 ([autumn?] 1998)-
=500  \\$aAlso entitled: 9>90 magazine.
=500  \\$aDescription based on: Vol. 1, issue 4 (summer 1999)
=650  \0$aScuba diving$zGreat Britain$vPeriodicals.
=650  \0$aUnderwater exploration$zGreat Britain$vPeriodicals.
=650  \0$aShipwrecks$zGreat Britain$vPeriodicals.
=852  41$aBritish Library$bHMNTS$jZK.9.b.14697$3Vol. 1, issue 1 ([autumn?] 1998)-
=CAT  \\$aCONV$b00$c20040425$lBLL90$h0723
=CAT  \\$aCONV$b00$c20040502$lBLL01$h1342
=CAT  \\$aglobal_upd$b40$c20060417$lBLL01$h1719
=CAT  \\$aWR09-126
=CAT  \\$aBATCH-UPD$b40$c20090904$lBLL01$h1717
=CAT  \\$aBATCH$b00$c20091122$lBLL01$h1258
=CAT  \\$aWR14_140$c20140905$lBLL01$h1737
=CAT  \\$a5466D$b40$c20201203$lBLL01$h1530
=FIN  \\$aY
=FMT  \\$a  SE
=LAS  \\$a5466D$b40$c20201203$lBLL01$h1530
=LEO  \\$aMP5.0001459960
=LEO  \\$aMP13.0000227641
=LEO  \\$aMP22.0000062644
=SRC  \\$aBNB03$bbibmp5.200404.2.ac
=SRC  \\$aHSS01$bbibmp13.200404.2.aa
=SRC  \\$aISN01$bbibmp22.200404.2.aa
=SRC  \\$aDSS04$bbibld.200404.2.aa
=TCO  \\$aCLA$bCLA$c008

