=LDR  01838 as a2200589ua 4500
=001  009914255
=003  Uk
=005  20210112111021.0
=006  aac\\|||||||||||||
=007  ta
=008  010305c20009999enkqr\p\\\\\\\0\\\a0eng\\
=015  \\$aGBA231354$2bnb
=019  y\$abA231354
=019  9\$abA231354
=019  1\$abA231354
=022  0\$a1471-3977$202
=039  0\$a2690
=040  \\$aUk$cUk
=042  \\$axissnuk
=082  04$a914.265005$221
=222  \0$aMid-Anglia xplorer
=245  00$aMid-Anglia xplorer :$byour guide to the region's places of interest.
=246  3\$aXplorer
=260  \\$aRoyston (Heath House, Princes Mews, Royston, Herts. SG8 9RT) :$bMid-Anglia Newspapers,$c2000-
=300  \\$av. :$bill. (some col.), ports. (some col.) ;$c28 cm.
=310  \\$aQuarterly
=336  \\$atext$2rdacontent
=337  \\$aunmediated$2rdamedia
=338  \\$avolume$2rdacarrier
=362  0\$aSummer 2000-
=500  \\$aRunning title: Xplorer.
=651  \0$aEast Anglia (England)$vGuidebooks.
=852  41$aBritish Library$bHMNTS$jZK.9.b.17670$3Summer (2000)-Summer (2002)
=CAT  \\$aCONV$b00$c20040425$lBLL90$h0723
=CAT  \\$aCONV$b00$c20040502$lBLL01$h1342
=CAT  \\$aglobal_upd$b40$c20060417$lBLL01$h1720
=CAT  \\$aWR09-126
=CAT  \\$aBATCH-UPD$b40$c20090904$lBLL01$h1717
=CAT  \\$aBATCH$b00$c20091122$lBLL01$h1300
=CAT  \\$aWR14_140$c20140905$lBLL01$h1739
=CAT  \\$a5466D$b40$c20210112$lBLL01$h1110
=FIN  \\$aY
=FMT  \\$a  SE
=LAS  \\$a5466D$b40$c20210112$lBLL01$h1110
=LEO  \\$aMP5.0000011216
=LEO  \\$aMP13.0000233059
=LEO  \\$aMP22.0000064816
=SRC  \\$aBNB03$bbibmp5.200404.2.aa
=SRC  \\$aHSS01$bbibmp13.200404.2.aa
=SRC  \\$aISN01$bbibmp22.200404.2.aa
=SRC  \\$aDSS04$bbibld.200404.2.aa
=TCO  \\$aCLA$bCLA$c008

