=LDR  06151 as a2201285ua 4500
=001  009915557
=003  Uk
=005  20210618121658.0
=006  aabc\|||||||||||||
=007  ta
=008  021010c19929999enktr\p\\\\\\\0\\\a0spa\\
=015  \\$aGBA267288$2bnb
=019  y\$abA267288
=019  9\$abA267288
=019  1\$abA267288
=022  0\$a1474-2349$202
=039  0\$a2713
=040  \\$aUk$cUk
=042  \\$axissnuk
=082  04$a468.6421$221
=130  0\$aPórtico (London, England)
=222  \0$aPórtico$b(London. 1992)
=245  10$aPórtico.
=260  \\$aLondres (20 Peel St., London W8 7PD) :$bEmbajada de España, Consejería de Educación y Ciencia,$c1992-
=300  \\$av. :$bill., maps, ports. ;$c30 cm.
=310  \\$aThree issues yearly
=336  \\$atext$2rdacontent
=337  \\$aunmediated$2rdamedia
=338  \\$avolume$2rdacarrier
=362  0\$aNo. 1 (marzo 1992)-
=500  \\$aDescription based on: No. 25 (jun. 2000)
=540  \\$aBritish Library not licensed to copy$c0$5Uk
=650  \0$aSpanish language$vReaders$vPeriodicals.
=650  \0$aSpanish language$xProblems, exercises, etc.$vPeriodicals.
=651  \0$aSpain$xPress coverage$vPeriodicals.
=651  \0$aSpain$xSocial life and customs$vPeriodicals.
=710  1\$aSpain.$bEmbajada (Great Britain).$bConsejería de Educación y Ciencia.
=852  41$aBritish Library$bHMNTS$jZK.9.b.17969$3No. 1 (marzo 1992)-no. 37 (2005)
=886  2\$2ukmarc$a910$b10$aSpain$cEmbajada$eGreat Britain$cConsejería de Educación$xSee also$aSpain.$xEmbajada (Great Britain). Consejería de Educación y Ciencia$z710
=ACF  \\$aBritish Library not licensed to copy$c0$e01-apr-2012$hC$iCLA Excluded$5Uk
=ACF  \\$aBritish Library not licensed to copy$c0$e01-jan-2012$hC$iCLA Excluded$5Uk
=ACF  \\$aBritish Library not licensed to copy$c0$e01-oct-2011$hC$iCLA Excluded$5Uk
=ACF  \\$aBritish Library not licensed to copy$c0$e01-jul-2011$hC$iCLA Excluded$5Uk
=ACF  \\$aBritish Library not licensed to copy$c0$e01-apr-2011$hC$iCLA Excluded$5Uk
=ACF  \\$aBritish Library not licensed to copy$c0$e01-jan-2011$hC$iCLA Excluded$5Uk
=ACF  \\$aBritish Library not licensed to copy$c0$e01-oct-2010$hC$iCLA Excluded$5Uk
=ACF  \\$aPrevious Copyright Fee: GBP9.00$c0$e01-jul-2010$fGBP9.00$g0$hC$5Uk
=ACF  \\$aPrevious Copyright Fee: GBP9.00$c0$e01-apr-2010$fGBP9.00$g0$hC$5Uk
=ACF  \\$aPrevious Copyright Fee: GBP9.00$c0$e01-Jan-2010$fGBP9.00$g0$hC$5Uk
=ACF  \\$aPrevious Copyright Fee: GBP6.00$c0$e01-oct-2009$fGBP6.00$g0$hC$5Uk
=ACF  \\$aPrevious Copyright Fee: GBP6.00$c0$e01-jul-2009$fGBP6.00$g0$hC$5Uk
=ACF  \\$aPrevious Copyright Fee: GBP6.00$c0$e01-apr-2009$fGBP6.00$g0$hC$5Uk
=ACF  \\$aPrevious Copyright Fee: GBP6.00$c0$e01-jan-2009$fGBP6.00$g0$hC$5Uk
=ACF  \\$aPrevious Copyright Fee: GBP6.00$c0$e01-oct-2008$fGBP6.00$g0$hC$5Uk
=ACF  \\$aPrevious Copyright Fee: GBP6.00$c0$e01-jul-2008$fGBP6.00$g0$hC$5Uk
=ACF  \\$aPrevious Copyright Fee: GBP6.00$c0$e01-apr-2008$fGBP6.00$g0$hC$5Uk
=ACF  \\$aPrevious Copyright Fee: GBP6.00$c0$e01-jan-2008$fGBP6.00$g0$hC$5Uk
=ACF  \\$aPrevious Copyright Fee: GBP5.00$c0$e01-oct-2007$fGBP5.00$g0$hC$5Uk
=ACF  \\$aPrevious Copyright Fee: GBP5.00$c0$e01-jul-2007$fGBP5.00$g0$hC$5Uk
=ACF  \\$aPrevious Copyright Fee: GBP5.00$c0$e01-apr-2007$fGBP5.00$g0$hC$5Uk
=ACF  \\$aPrevious Copyright Fee: GBP5.00$c0$e01-jan-2007$fGBP5.00$g0$hC$5Uk
=ACF  \\$aPrevious Copyright Fee: GBP5.00$c0$e01-oct-2006$fGBP5.00$g0$hC$5Uk
=ACF  \\$aPrevious Copyright Fee: GBP5.00$c0$e01-jul-2006$fGBP5.00$g0$hC$5Uk
=ACF  \\$aPrevious Copyright Fee: GBP5.00$c0$e01-apr-2006$fGBP5.00$g0$hC$5Uk
=ACF  \\$aPrevious Copyright Fee: GBP5.00$c0$e01-jan-2006$fGBP5.00$g0$hC$5Uk
=ACF  \\$aPrevious Copyright Fee: GBP5.00$c0$e01-oct-2005$fGBP5.00$g0$hC$5Uk
=ACF  \\$aPrevious Copyright Fee: GBP5.00$c0$e01-jul-2005$fGBP5.00$g0$hC$5Uk
=ACF  \\$aPrevious Copyright Fee: GBP5.00$c0$e01-apr-2005$fGBP5.00$g0$hC$5Uk
=ACF  \\$aPrevious Copyright Fee: GBP5.00$c0$e01-jan-2005$fGBP5.00$g0$hC$5Uk
=ACF  \\$aPrevious Copyright Fee: GBP5.00$c0$e01-oct-2004$fGBP5.00$g0$hC$5Uk
=ACF  \\$aBritish Library not licensed to copy$c0$e01-jul-2012$hC$iCLA Excluded$5Uk
=CAT  \\$aWR09-126
=CAT  \\$aBATCH-CLA$b00$c20101115$lBLL01$h1607
=CAT  \\$aIPL-CLA$c20101231$lBLL01$h1330
=CAT  \\$aBATCH-CLA$b00$c20110228$lBLL01$h1555
=CAT  \\$aIPL-CLA$c20110331$lBLL01$h1442
=CAT  \\$aBATCH-CLA$b00$c20110531$lBLL01$h1651
=CAT  \\$aIPL-CLA$c20110630$lBLL01$h1523
=CAT  \\$aBATCH-CLA$b00$c20110831$lBLL01$h1815
=CAT  \\$aIPL-CLA$c20110930$lBLL01$h1524
=CAT  \\$aBATCH-CLA$b00$c20111130$lBLL01$h1215
=CAT  \\$aIPL-CLA$c20111230$lBLL01$h1831
=CAT  \\$aBATCH-CLA$b00$c20120229$lBLL01$h1629
=CAT  \\$aIPL-CLA$c20120330$lBLL01$h1410
=CAT  \\$aBATCH-CLA$b00$c20120531$lBLL01$h1725
=CAT  \\$aIPL-CLA$c20120629$lBLL01$h1008
=CAT  \\$aBATCH-CLA$b00$c20120831$lBLL01$h1554
=CAT  \\$aIPL-CLA$c20120930$lBLL01$h2033
=CAT  \\$aBATCH-CLA$b00$c20121105$lBLL01$h1749
=CAT  \\$aWR12_128$c20121113$lBLL01$h1836
=CAT  \\$aBATCH-CLA$b00$c20131129$lBLL01$h1704
=CAT  \\$aIPL-CLA$c20131231$lBLL01$h2056
=CAT  \\$aWR14_140$c20140905$lBLL01$h1739
=CAT  \\$a5466D$b40$c20210607$lBLL01$h1046
=CAT  \\$a5466D$b40$c20210607$lBLL01$h1052
=CAT  \\$a5466D$b40$c20210607$lBLL01$h1054
=CAT  \\$a5466D$b40$c20210618$lBLL01$h1216
=CFI  0\$aBritish Library not licensed to copy$c0$e01-jan-2014$hC$iCFP Excluded$5Uk
=CFI  2\$aBritish Library not licensed to copy$c0$e01-oct-2012$hC$iCFP Excluded$5Uk
=FIN  \\$aY
=FMT  \\$a  SE
=LAS  \\$a5466D$b40$c20210618$lBLL01$h1216
=LEO  \\$aMP5.0000015128
=LEO  \\$aMP13.0000234419
=LEO  \\$aMP22.0000066949
=SRC  \\$aBNB03$bbibmp5.200404.2.aa
=SRC  \\$aHSS01$bbibmp13.200404.2.aa
=SRC  \\$aDSS04$bbibld.200404.2.aa
=SRC  \\$aISN01$bbibmp22.200404.2.aa
=TCO  \\$aCLA$bCLA$c008

