=LDR  01664 as a2200541ua 4500
=001  010518813
=003  Uk
=005  20201218151748.0
=006  aa\\\j||||||||||||
=007  ta
=008  000306c19999999enkmr\p\\\\\\\0\\\a0eng\\
=019  1\$abld00E1457
=022  1\$a1466-7002$202
=040  \\$aUk$cUk
=042  \\$axissnuk
=222  \0$aBunny love
=245  00$aBunny love.
=260  \\$aExeter :$bLCD Publishing,$c1999-
=300  \\$av. :$bcol. ill. ;$c30 cm.
=310  \\$aMonthly
=336  \\$atext$2rdacontent
=337  \\$aunmediated$2rdamedia
=338  \\$avolume$2rdacarrier
=362  0\$aJuly 1999-
=500  \\$aDescription based on: Sept. 1999 issue.
=650  \0$aRabbits$vPeriodicals$vJuvenile literature.
=650  \0$aRabbits$vPictorial works$vJuvenile literature.
=650  \0$aRabbits$vPictorial works$vPeriodicals.
=852  41$aBritish Library$bHMNTS$jZK.9.b.14794$3Jul. (1999)-Oct. (1999)
=957  \\$a991013c
=CAT  \\$aCONV$b00$c20040425$lBLL90$h0718
=CAT  \\$aCONV$b00$c20040502$lBLL01$h1403
=CAT  \\$aglobal_upd$b40$c20060417$lBLL01$h1740
=CAT  \\$aWR09-126
=CAT  \\$aBATCH-UPD$b40$c20090904$lBLL01$h1719
=CAT  \\$aBATCH$b00$c20091122$lBLL01$h1447
=CAT  \\$aWR14_140$c20140905$lBLL01$h1743
=CAT  \\$a5466D$b40$c20201218$lBLL01$h1516
=CAT  \\$a5466D$b40$c20201218$lBLL01$h1517
=FIN  \\$aY
=FMT  \\$a  SE
=LAS  \\$a5466D$b40$c20201218$lBLL01$h1517
=LEO  \\$aMP13.0000057234
=LEO  \\$aMP22.0000061212
=SRC  \\$aHSS01$bbibmp13.200404.2.aa
=SRC  \\$aISN01$bbibmp22.200404.2.aa
=SRC  \\$aDSS04$bbibld.200404.2.aa
=TCO  \\$aCLA$bCLA$c008

