=LDR  02500 as a22006858a 4500
=001  012900180
=003  Uk
=005  20200304141507.0
=006  m\\\\\\\\d\|\\\\\\
=007  cr||||||||||||
=008  040406c20059999enkqr\p\s\\\\\0\\\a0eng\\
=022  0\$a1743-825X
=037  \\$aIJME$bInderscience
=040  \\$aUk$beng$cUk
=042  \\$axissnuk
=222  \0$aInternational journal of molecular engineering$b(Online)
=245  00$aInternational journal of molecular engineering (Online).
=260  \\$aOlney :$bInderscience Enterprises
=263  \\$a200810
=310  \\$aQuarterly
=336  \\$atext$2rdacontent
=337  \\$acomputer$2rdamedia
=338  \\$aonline resource$2rdacarrier
=540  \\$aCurrent copyright fee: GBP28.00$c48\0$5Uk
=776  0\$tInternational journal of molecular engineering$c(Print)$x1743-8241
=852  41$aBritish Library$bHMNTS$jELD Digital store$3Content not received
=856  \\$31850-9999$uhttp://www.inderscience.com/$xBLDSS
=859  \\$aELD$bejournal
=945  \\$aInternational journal of molecular engineering.
=979  \\$aBritish Library$bDSC$j4542.365440
=985  \\$aISSN suppressed 04/03/20. Not published.
=985  \\$aPlease do not merge this record
=CAT  \\$a8870$b40$c20040406$lTMP01$h1110
=CAT  \\$a8870$b40$c20040507$lTMP01$h1129
=CAT  \\$aEXLIBRIS$c20040606$lBLL01$h1132
=CAT  \\$a6971$b40$c20060302$lBLL01$h0900
=CAT  \\$a6537$b40$c20060306$lBLL01$h1150
=CAT  \\$a5552$b40$c20100415$lBLL01$h1214
=CAT  \\$aBATCH-UPD$b40$c20110518$lBLL01$h0953
=CAT  \\$aIPL-CLA$c20110630$lBLL01$h1543
=CAT  \\$aBLDSS-3PM$b00$c20141016$lBLL01$h1329
=CAT  \\$a14448$b40$c20160304$lBLL01$h0927
=CAT  \\$a8311$b40$c20160311$lBLL01$h1344
=CAT  \\$aBATCH-UPD$b40$c20160413$lBLL01$h1818
=CAT  \\$aBATCH-UPD$b40$c20160524$lBLL01$h2237
=CAT  \\$aBATCH-UPD$b40$c20160525$lBLL01$h0432
=CAT  \\$a5552$b40$c20170504$lBLL01$h1439
=CAT  \\$a5410$b40$c20170510$lBLL01$h1540
=CAT  \\$aW1711-1005$c20171206$lBLL01$h1816
=CAT  \\$a10806$b40$c20200304$lBLL01$h1415
=CFI  0\$aCurrent copyright fee: GBP28.00$c48\0$e01-jul-2011$fGBP28.00$g0$hP$5Uk
=CFI  2\$aPrevious copyright fee: GBP20.00$c48\0$e15-apr-2010$fGBP20.00$g0$hP$5Uk
=FFP  \\$aY$bBLDSS-3PM
=FMT  \\$a  SE
=LAS  \\$a10806$b40$c20200304$lBLL01$h1415
=MNI  \\$a1743-8241
=STA  \\$aSUPPRESSED$bISSN
=TCO  \\$aCLA$bCLA$c008
=TOC  \\$aETOC
=UNO  \\$aY

