=LDR  00908 as a22003018a 4500
=001  012906960
=003  Uk
=005  20060126105656.0
=008  040428c20049999enkau\\\\\\\\\0\\\a0eng\\
=022  0\$a1742-951X$202
=040  \\$aUk$beng$cUk
=042  \\$axissnuk
=222  \0$aDevon food and drink
=245  00$aDevon food and drink.
=260  \\$aPlymouth :$bWest Country Publications.
=336  \\$atext$2rdacontent
=337  \\$aunmediated$2rdamedia
=338  \\$avolume$2rdacarrier
=852  41$aBritish Library$bHMNTS
=985  \\$aISSN Suppressed 26.01.06. Unable to obtain from vendor.
=CAT  \\$a11313$b40$c20040428$lTMP01$h1006
=CAT  \\$aEXLIBRIS$c20040606$lBLL01$h1133
=CAT  \\$a6971$b40$c20060126$lBLL01$h1056
=CAT  \\$aBATCH-UPD$b40$c20121030$lBLL01$h1626
=FMT  \\$a  SE
=LAS  \\$aBATCH-UPD$b40$c20121030$lBLL01$h1626
=STA  \\$aSUPPRESSED$bISSN
=TCO  \\$aCLA$bCLA$c008

