=LDR  01176cas a22003738a 4500
=001  012907452
=003  Uk
=005  20220321092908.0
=007  ta
=008  040428c19949999xxkwr\p\\\\\\\0\\\a0eng\\
=022  \\$a1357-1966$202
=040  \\$aUk$beng$cUk
=042  \\$axissnuk
=222  \0$aBeds, Bucks & Herts loot red
=245  00$aBeds, Bucks & Herts loot red.
=260  \\$a[Place of publication not identified] :$b[Comag]
=263  \\$a199412
=310  \\$aWeekly
=336  \\$atext$2rdacontent
=337  \\$aunmediated$2rdamedia
=338  \\$avolume$2rdacarrier
=852  41$aBritish Library$bHMNTS
=985  \\$aISSN Suppressed 21.03.2022. No evidence of publication
=985  \\$aISSN record only. Please do not merge this record. Do not add items
=CAT  \\$a2941$b40$c20040428$lTMP01$h1657
=CAT  \\$aEXLIBRIS$c20040606$lBLL01$h1133
=CAT  \\$aNPL-008-P$c20110504$lBLL01$h2102
=CAT  \\$aNPL-LOCK$b77$c20140207$lBLL01$h2152
=CAT  \\$aNPL-UNLOCK$b00$c20140216$lBLL01$h0848
=CAT  \\$a5466D$b40$c20220321$lBLL01$h0929
=FMT  \\$a  SE
=LAS  \\$a5466D$b40$c20220321$lBLL01$h0929
=STA  \\$aSUPPRESSED$bISSN
=TCO  \\$aCLA$bCLA$c008

