=LDR  01023cas a22003258a 4500
=001  012907977
=003  Uk
=005  20230505075335.0
=008  040429c20109999enkuu\p\\\\\\\0\\\a0eng\\
=022  \\$a1473-8562$202
=040  \\$aUk$beng$cUk
=042  \\$axissnuk
=222  \0$aDorset & New Forest ad trader
=245  00$aDorset & New Forest ad trader.
=264  \1$aLondon :$bTrade Media Group Ltd
=336  \\$atext$2rdacontent
=337  \\$aunmediated$2rdamedia
=338  \\$avolume$2rdacarrier
=852  41$aBritish Library$bHMNTS
=985  \\$aISSN SUPPRESSED. No evidence of publication 05/05/23
=985  \\$aISSN record only. Do not merge. Do not add items.
=CAT  \\$a11439$b40$c20040429$lTMP01$h1604
=CAT  \\$aEXLIBRIS$c20040606$lBLL01$h1133
=CAT  \\$a8323$b40$c20100802$lBLL01$h0904
=CAT  \\$a10806$b40$c20210706$lBLL01$h0751
=CAT  \\$a15061$b40$c20230505$lBLL01$h0753
=FMT  \\$a  SE
=LAS  \\$a15061$b40$c20230505$lBLL01$h0753
=STA  \\$aSUPPRESSED$bISSN
=TCO  \\$aCLA$bCLA$c008

