=LDR  00921cas a22003018a 4500
=001  012911139
=003  Uk
=005  20230505082743.0
=008  040506c\\\\9999xxk\|\\\\\\\\\0\\\a0eng\\
=022  0\$a1473-8643$202
=040  \\$aUk$beng$cUk
=042  \\$axissnuk
=222  \0$aHants & South Wilts ad trader$b(Midweek ed.)
=245  00$aHants & South Wilts ad trader.
=336  \\$atext$2rdacontent
=337  \\$aunmediated$2rdamedia
=338  \\$avolume$2rdacarrier
=852  41$aBritish Library$bHMNTS
=985  \\$a"Yellow" ed.
=985  \\$aISSN SUPPRESSED. No evidence of publication 05/05/23
=985  \\$aISSN record only. Do not merge. Do not add items.
=CAT  \\$a8323$b40$c20040506$lTMP01$h1118
=CAT  \\$aEXLIBRIS$c20040606$lBLL01$h1133
=CAT  \\$a15061$b40$c20230505$lBLL01$h0827
=FMT  \\$a  SE
=LAS  \\$a15061$b40$c20230505$lBLL01$h0827
=STA  \\$aSUPPRESSED$bISSN
=TCO  \\$aCLA$bCLA$c008

