=LDR  00858 as a22002898a 4500
=001  012913815
=003  Uk
=005  20041102120401.0
=008  040511c20039999enkq|\\\\\\\\\0\\\a0eng\\
=022  0\$a1740-861X$202
=040  \\$aUk$beng$cUk
=042  \\$axissnuk
=222  \0$aGlitter princess
=245  00$aGlitter princess.
=336  \\$atext$2rdacontent
=337  \\$aunmediated$2rdamedia
=338  \\$avolume$2rdacarrier
=852  41$aBritish Library$bHMNTS
=985  \\$aSupressed 2/11/04. Not published.
=CAT  \\$a8124$b40$c20040511$lTMP01$h0932
=CAT  \\$aEXLIBRIS$c20040606$lBLL01$h1133
=CAT  \\$a7236$b40$c20041102$lBLL01$h1204
=CAT  \\$aW1711-1225$c20171203$lBLL01$h1020
=FMT  \\$a  SE
=LAS  \\$aW1711-1225$b00$c20171203$lBLL01$h1020
=STA  \\$aSUPPRESSED$bunable to determine reason for suppression
=TCO  \\$aCLA$bCLA$c008

