=LDR  01217 as a22003858a 4500
=001  012916496
=003  Uk
=005  20211004160608.0
=007  ta
=008  040513c19949999enke|\p\\\\\\\0\\\a0eng\\
=022  0\$a1353-3908$202
=040  \\$aUk$beng$cUk
=042  \\$axissnuk
=222  \0$aLoot: Mansfield's noticeboard
=245  00$aLoot: Mansfield's noticeboard.
=260  \\$aNottingham :$bLoot Enterprises.
=263  \\$a199402
=310  \\$aFortnightly
=336  \\$atext$2rdacontent
=337  \\$aunmediated$2rdamedia
=338  \\$avolume$2rdacarrier
=852  41$aBritish Library$bHMNTS
=985  \\$aISSN Suppressed 04.10.2021. No evidence of publication.
=985  \\$aISSN record only. Please do not merge this record. Do not add items.
=CAT  \\$a11439$b40$c20040513$lTMP01$h1118
=CAT  \\$aEXLIBRIS$c20040606$lBLL01$h1134
=CAT  \\$a6971$b40$c20071119$lBLL01$h1326
=CAT  \\$aNPL-008-P$c20110504$lBLL01$h2102
=CAT  \\$aNPL-LOCK$b77$c20140207$lBLL01$h2152
=CAT  \\$aNPL-UNLOCK$b00$c20140216$lBLL01$h0848
=CAT  \\$a5466D$b40$c20211004$lBLL01$h1606
=FMT  \\$a  SE
=LAS  \\$a5466D$b40$c20211004$lBLL01$h1606
=STA  \\$aSUPPRESSED$bISSN
=TCO  \\$aCLA$bCLA$c008

