=LDR  01267cas a22003978a 4500
=001  012916977
=003  Uk
=005  20220321090853.0
=007  ta
=008  040513c19949999xxkwr\p\\\\\\\0\\\a0eng\\
=022  \\$a1357-1931$202
=040  \\$aUk$beng$cUk
=042  \\$axissnuk
=222  \0$aDartford & Kent loot blue
=245  00$aDartford & Kent loot blue.
=260  \\$a[Place of publication not identified] :$b[Comag]
=263  \\$a199412
=310  \\$aWeekly
=336  \\$atext$2rdacontent
=337  \\$aunmediated$2rdamedia
=338  \\$avolume$2rdacarrier
=852  41$aBritish Library$bHMNTS
=985  \\$aISSN Suppressed 21.03.2022. No evidence of publication
=985  \\$aISSN record only. Please do not merge this record. Do not add items
=CAT  \\$a8128$b40$c20040513$lTMP01$h1724
=CAT  \\$a8128$b40$c20040513$lTMP01$h1725
=CAT  \\$aEXLIBRIS$c20040606$lBLL01$h1134
=CAT  \\$aNPL-008-P$c20110504$lBLL01$h2102
=CAT  \\$aNPL-LOCK$b77$c20140207$lBLL01$h2152
=CAT  \\$aNPL-UNLOCK$b00$c20140216$lBLL01$h0848
=CAT  \\$a5466D$b40$c20220321$lBLL01$h0908
=CAT  \\$a5466D$b40$c20220321$lBLL01$h0908
=FMT  \\$a  SE
=LAS  \\$a5466D$b40$c20220321$lBLL01$h0908
=STA  \\$aSUPPRESSED$bISSN
=TCO  \\$aCLA$bCLA$c008

