=LDR  01055cas a22003138a 4500
=001  012920018
=003  Uk
=005  20230505083931.0
=008  040519c\\\\9999xxk\|\\\\\\\\\0\\\a0eng\\
=022  0\$a1473-852X$202
=040  \\$aUk$beng$cUk
=042  \\$axissnuk
=222  \0$aNorth East ad trader
=245  00$aNorth East ad trader.
=336  \\$atext$2rdacontent
=337  \\$aunmediated$2rdamedia
=338  \\$avolume$2rdacarrier
=852  41$aBritish Library$bHMNTS
=985  \\$aIssue for 8-14 July 2010 has title "Ad trader.co.uk" - wait 12 weeks (30 Sept.-6 Oct. 2010) before processing as c/t, RB 02/08/10.
=985  \\$aISSN SUPPRESSED. No evidence of publication 05/05/23
=985  \\$aISSN record only. Do not merge. Do not add items.
=CAT  \\$a11313$b40$c20040519$lTMP01$h1125
=CAT  \\$aEXLIBRIS$c20040606$lBLL01$h1134
=CAT  \\$a8323$b40$c20100802$lBLL01$h0949
=CAT  \\$a15061$b40$c20230505$lBLL01$h0839
=FMT  \\$a  SE
=LAS  \\$a15061$b40$c20230505$lBLL01$h0839
=STA  \\$aSUPPRESSED$bISSN
=TCO  \\$aCLA$bCLA$c008

