=LDR  01196cas a22003738a 4500
=001  012920400
=003  Uk
=005  20220315163558.0
=007  ta
=008  040519c19959999enkwr\p\\\\\\\0\\\a0eng\\
=022  0\$a1358-7676$202
=040  \\$aUk$beng$cUk
=042  \\$axissnuk
=222  \0$aNottingham & Mansfield loot$b(Friday ed.)
=245  00$aNottingham & Mansfield loot.
=263  \\$a199504
=264  \1$aLong Eaton:$bLoot Enterprises
=336  \\$atext$2rdacontent
=337  \\$aunmediated$2rdamedia
=338  \\$avolume$2rdacarrier
=852  41$aBritish Library$bHMNTS
=985  \\$aISSN Suppressed 15.03.2022. No evidence of publication
=985  \\$aISSN record only. Please do not merge this record. Do not add items
=CAT  \\$a11313$b40$c20040519$lTMP01$h1427
=CAT  \\$aEXLIBRIS$c20040606$lBLL01$h1134
=CAT  \\$aNPL-008-P$c20110504$lBLL01$h2102
=CAT  \\$aNPL-LOCK$b77$c20140207$lBLL01$h2152
=CAT  \\$aNPL-UNLOCK$b00$c20140216$lBLL01$h0848
=CAT  \\$a11205$b40$c20211220$lBLL01$h1204
=CAT  \\$a5466D$b40$c20220315$lBLL01$h1635
=FMT  \\$a  SE
=LAS  \\$a5466D$b40$c20220315$lBLL01$h1635
=STA  \\$aSUPPRESSED$bISSN
=TCO  \\$aCLA$bCLA$c008

