=LDR  01209cas a22003977a 4500
=001  012921197
=003  Uk
=005  20230629083647.0
=007  ta
=008  040520c20049999enkwu\p\\\\\\\0\\\a0eng\\
=022  0\$a1742-6898$202
=040  \\$aUk$beng$cUk$dUk
=042  \\$axissnuk
=222  \0$aLincolnshire auto trader
=245  00$aLincolnshire auto trader.
=260  \\$aWest Drayton :$b[COMAG]
=263  \\$a200401
=310  \\$aWeekly
=336  \\$atext$2rdacontent
=337  \\$aunmediated$2rdamedia
=338  \\$avolume$2rdacarrier
=852  41$aBritish Library$bHMNTS
=985  \\$aISSN SUPPRESSED. No evidence of publication 29/06/23
=985  \\$aISSN record only. Do not merge. Do not add items.
=CAT  \\$a7236$b40$c20040520$lTMP01$h1451
=CAT  \\$aEXLIBRIS$c20040606$lBLL01$h1134
=CAT  \\$a6971$b40$c20071122$lBLL01$h1525
=CAT  \\$a10932$b40$c20090917$lBLL01$h1459
=CAT  \\$aW1711-1225$c20171203$lBLL01$h1020
=CAT  \\$a15061$b40$c20230629$lBLL01$h0835
=CAT  \\$a15061$b40$c20230629$lBLL01$h0836
=FMT  \\$a  SE
=LAS  \\$a15061$b40$c20230629$lBLL01$h0836
=SRC  \\$aDSS04$bbibld.200404.2.aa
=STA  \\$aSUPPRESSED$bISSN
=TCO  \\$aCLA$bCLA$c008

