=LDR  00880 as a22003018a 4500
=001  012922153
=003  Uk
=005  20040527080825.0
=008  040524c\\\\9999xxk\|\\\\\\\\\0\\\a0eng\\
=022  0\$a0958-529X$202
=040  \\$aUk$beng$cUk
=042  \\$axissnuk
=222  \0$aNurse Nancy
=245  00$aNurse Nancy.
=336  \\$atext$2rdacontent
=337  \\$aunmediated$2rdamedia
=338  \\$avolume$2rdacarrier
=852  41$aBritish Library$bDSC$jm04/22166
=985  \\$aISSN suppressed 12/6/95. No copy available
=CAT  \\$a11313$b40$c20040524$lTMP01$h1036
=CAT  \\$a8031$b40$c20040527$lTMP01$h0808
=CAT  \\$aEXLIBRIS$c20040606$lBLL01$h1134
=CAT  \\$aBATCH$b00$c20100218$lBLL01$h1701
=CAT  \\$aBATCH-UPD$b00$c20121030$lBLL01$h1627
=FMT  \\$a  SE
=LAS  \\$aBATCH-UPD$b00$c20121030$lBLL01$h1627
=STA  \\$aSUPPRESSED$bISSN
=TCO  \\$aCLA$bCLA$c008

