=LDR  01173cas a22003738a 4500
=001  012922207
=003  Uk
=005  20220315161536.0
=007  ta
=008  040524c19uu9999enkuu\p\\\\\\\0\\\a0eng\\
=022  \\$a1358-7625$202
=040  \\$aUk$beng$cUk
=042  \\$axissnuk
=222  \0$aDerbyshire loot$b(Tuesday ed.)
=245  00$aDerbyshire loot.
=260  \\$aLong Eaton :$bLoot Enterprises
=263  \\$a199501
=336  \\$atext$2rdacontent
=337  \\$aunmediated$2rdamedia
=338  \\$avolume$2rdacarrier
=852  41$aBritish Library$bHMNTS
=985  \\$aISSN Suppressed 15.03.2022. No evidence of publication
=985  \\$aISSN record only. Please do not merge this record. Do not add items
=CAT  \\$a6537$b40$c20040524$lTMP01$h1053
=CAT  \\$aEXLIBRIS$c20040606$lBLL01$h1134
=CAT  \\$aNPL-008-P$c20110504$lBLL01$h2102
=CAT  \\$aNPL-LOCK$b77$c20140207$lBLL01$h2152
=CAT  \\$aNPL-UNLOCK$b00$c20140216$lBLL01$h0848
=CAT  \\$a10806$b40$c20211210$lBLL01$h1415
=CAT  \\$a5466D$b40$c20220315$lBLL01$h1615
=FMT  \\$a  SE
=LAS  \\$a5466D$b40$c20220315$lBLL01$h1615
=STA  \\$aSUPPRESSED$bISSN
=TCO  \\$aCLA$bCLA$c008

