=LDR  00794 as a22002778a 4500
=001  012922977
=003  Uk
=005  20040524155241.0
=008  040524c\\\\9999xxk\|\\\\\\\\\0\\\a0eng\\
=022  \\$a1366-1027$202
=040  \\$aUk$beng$cUk
=042  \\$axissnuk
=222  \0$aScot- ads. Lothian
=245  00$aScot-ads. Lothian.
=336  \\$atext$2rdacontent
=337  \\$aunmediated$2rdamedia
=338  \\$avolume$2rdacarrier
=852  41$aBritish Library$bHMNTS
=985  \\$aISSN suppressed : 18.04.97. No edition statement.
=CAT  \\$a11439$b40$c20040524$lTMP01$h1552
=CAT  \\$aEXLIBRIS$c20040606$lBLL01$h1134
=CAT  \\$aBATCH-UPD$b00$c20121030$lBLL01$h1627
=FMT  \\$a  SE
=LAS  \\$aBATCH-UPD$b00$c20121030$lBLL01$h1627
=STA  \\$aSUPPRESSED$bISSN
=TCO  \\$aCLA$bCLA$c008

