=LDR  01051cas a22003498a 4500
=001  012923054
=003  Uk
=005  20230505084257.0
=007  ta
=008  040524c20019999enkwr\p\\\\\\\0\\\a0eng\\
=022  \\$a1473-8627$202
=040  \\$aUk$beng$cUk
=042  \\$axissnuk
=222  \0$aScottish ad trader$b(Midweek ed.)
=245  00$aScottish ad trader.
=263  \\$a200102
=264  \1$aLondon :$bTrade Media Group
=336  \\$atext$2rdacontent
=337  \\$aunmediated$2rdamedia
=338  \\$avolume$2rdacarrier
=852  41$aBritish Library$bHMNTS
=985  \\$aISSN SUPPRESSED. No evidence of publication 05/05/23
=985  \\$aISSN record only. Do not merge. Do not add items.
=CAT  \\$a11439$b40$c20040524$lTMP01$h1618
=CAT  \\$a11439$b40$c20040524$lTMP01$h1620
=CAT  \\$aEXLIBRIS$c20040606$lBLL01$h1134
=CAT  \\$a11205$b40$c20220825$lBLL01$h1337
=CAT  \\$a15061$b40$c20230505$lBLL01$h0842
=FMT  \\$a  SE
=LAS  \\$a15061$b40$c20230505$lBLL01$h0842
=STA  \\$aSUPPRESSED$bISSN
=TCO  \\$aCLA$bCLA$c008

