=LDR  00949cas a22003258a 4500
=001  012923257
=003  Uk
=005  20230504164017.0
=007  ta
=008  040525c\\\\9999xxkuu\\\\\\\\\0\\\a0eng\\
=022  \\$a1473-8503$202
=040  \\$aUk$beng$cUk
=042  \\$axissnuk
=222  \0$aSouth & West Wales ad. trader
=245  00$aSouth & West Wales ad. trader.
=263  \\$a199012
=264  \1$a[Great Britain] :$b[publisher not identified]
=336  \\$atext$2rdacontent
=337  \\$aunmediated$2rdamedia
=338  \\$avolume$2rdacarrier
=852  41$aBritish Library$bHMNTS
=985  \\$aISSN Suppressed 04.05.23. No copy received
=CAT  \\$a9604$b40$c20040525$lTMP01$h0908
=CAT  \\$aEXLIBRIS$c20040606$lBLL01$h1134
=CAT  \\$a8323$b40$c20100802$lBLL01$h0923
=CAT  \\$a10969$b40$c20230504$lBLL01$h1640
=FMT  \\$a  SE
=LAS  \\$a10969$b40$c20230504$lBLL01$h1640
=STA  \\$aSUPPRESSED$bISSN
=TCO  \\$aCLA$bCLA$c008

