=LDR  01084cas a22003378a 4500
=001  012923989
=003  Uk
=005  20220504181803.0
=008  040525c\\\\9999xxk\|\\\\\\\\\0\\\a0eng\\
=022  \\$a1473-8538$202
=040  \\$aUk$beng$cUk
=042  \\$axissnuk
=222  \0$aSouth West ad trader
=245  00$aSouth West ad trader
=260  \\$aLondon :$bTrade Media Group
=336  \\$atext$2rdacontent
=337  \\$aunmediated$2rdamedia
=338  \\$avolume$2rdacarrier
=852  41$aBritish Library$bHMNTS
=985  \\$aIssue not yet seen under this title. C/T to AdTrader.co.uk (South West ed.)c. 2010. ISSN 2046-8725.
=985  \\$aSuppressed 040522. No copy seen by ISSN.
=CAT  \\$a9604$b40$c20040525$lTMP01$h1325
=CAT  \\$aEXLIBRIS$c20040606$lBLL01$h1134
=CAT  \\$a8323$b40$c20100802$lBLL01$h0904
=CAT  \\$a8483$b40$c20111117$lBLL01$h1130
=CAT  \\$a8483$b40$c20111117$lBLL01$h1131
=CAT  \\$a10969$b40$c20220504$lBLL01$h1818
=FMT  \\$a  SE
=LAS  \\$a10969$b40$c20220504$lBLL01$h1818
=STA  \\$aSUPPRESSED$bISSN
=TCO  \\$aCLA$bCLA$c008

