=LDR  00842 as a22002778a 4500
=001  012926580
=003  Uk
=005  20040527123013.0
=008  040527c\\\\9999xxk\|\\\\\\\\\0\\\a0eng\\
=022  \\$a0963-4460$202
=040  \\$aUk$beng$cUk
=042  \\$axissnuk
=222  \0$aWedding planner. Hertfordshire & Bedfordshire
=245  00$aWedding planner.$pHertfordshire & Bedfordshire.
=336  \\$atext$2rdacontent
=337  \\$aunmediated$2rdamedia
=338  \\$avolume$2rdacarrier
=852  41$aBritish Library$bHMNTS
=985  \\$aISSN suppressed: 02.96. Copy not received.
=CAT  \\$a6537$b40$c20040527$lTMP01$h1230
=CAT  \\$aEXLIBRIS$c20040606$lBLL01$h1135
=CAT  \\$aBATCH-UPD$b00$c20121030$lBLL01$h1627
=FMT  \\$a  SE
=LAS  \\$aBATCH-UPD$b00$c20121030$lBLL01$h1627
=STA  \\$aSUPPRESSED$bISSN
=TCO  \\$aCLA$bCLA$c008

