=LDR  00896cas a22003138a 4500
=001  012927367
=003  Uk
=005  20230504163614.0
=007  ta
=008  040528c\\\\9999xxkuu\\\\\\\\\0\\\a0eng\\
=022  \\$a1473-866X$202
=040  \\$aUk$beng$cUk
=042  \\$axissnuk
=222  \0$aYorkshire ad trader$b(Weekend ed.)
=245  00$aYorkshire ad trader.
=263  \\$a199012
=264  \1$a[Great Britain] :$b[publisher not identified]
=336  \\$atext$2rdacontent
=337  \\$aunmediated$2rdamedia
=338  \\$avolume$2rdacarrier
=852  41$aBritish Library$bHMNTS
=985  \\$aISSN Suppressed 04.05.23. No copy received
=CAT  \\$a6537$b40$c20040528$lTMP01$h1155
=CAT  \\$aEXLIBRIS$c20040606$lBLL01$h1135
=CAT  \\$a10969$b40$c20230504$lBLL01$h1636
=FMT  \\$a  SE
=LAS  \\$a10969$b40$c20230504$lBLL01$h1636
=STA  \\$aSUPPRESSED$bISSN
=TCO  \\$aCLA$bCLA$c008

