=LDR  02858cas a22007098a 4500
=001  012992581
=003  Uk
=005  20220114111042.0
=008  040915d20099999enkqr\\\\\\\\\0\\\a0eng\\
=022  0\$a1745-3143$202
=040  \\$aUk$beng$cUk
=042  \\$axissnuk
=222  \0$aInternational journal of enterprise systems integration and interoperability$b(Print)
=245  00$aInternational journal of enterprise systems integration and interoperability (Print).
=260  \\$aOlney :$bInderscience.
=263  \\$a200810
=310  \\$aQuarterly
=336  \\$atext$2rdacontent
=337  \\$aunmediated$2rdamedia
=338  \\$avolume$2rdacarrier
=540  \\$aCurrent copyright fee: GBP28.00$c48\0$5Uk
=598  \\$aON ORDER 09/08 VOLUME 1 (2009)-
=776  0\$tInternational journal of enterprise systems integration and interoperability$c(Online)$x1745-3151
=852  41$aBritish Library$bDSC$j4542.240308
=856  \\$31850-9999$uhttp://www.inderscience.com/$xBLDSS
=945  \\$aInternational journal of enterprise systems integration and interoperability
=959  \\$fHeld but not currently received
=985  \\$aRemove "print" from 245; LKR required
=985  \\$aISSN suppressed 04/03/20. Not published.
=985  \\$aPlease do not merge this record
=ACF  \\$aCurrent copyright fee: GBP9.00$c0$e01-apr-2010$fGBP9.00$g0$hA$5Uk
=ACF  \\$aPrevious copyright fee: GBP6.00$c0$e24-feb-2009$fGBP6.00$g0$hA$5Uk
=CAT  \\$a9570$b40$c20040915$lBLL01$h1008
=CAT  \\$a11316$b40$c20041119$lBLL01$h1123
=CAT  \\$a6971$b40$c20060508$lBLL01$h1313
=CAT  \\$a7056$b40$c20090224$lBLL01$h1701
=CAT  \\$a7056$b40$c20090225$lBLL01$h1603
=CAT  \\$aBATCH-UPD$b40$c20100226$lBLL01$h0139
=CAT  \\$aBATCH-UPD$b40$c20100331$lBLL01$h2333
=CAT  \\$aBATCH-UPD$b40$c20100401$lBLL01$h0252
=CAT  \\$aBATCH$b00$c20100401$lBLL01$h0555
=CAT  \\$aBATCH$b00$c20100401$lBLL01$h1628
=CAT  \\$a5552$b40$c20100413$lBLL01$h1033
=CAT  \\$aBATCH-UPD$b40$c20110518$lBLL01$h0953
=CAT  \\$aIPL-CLA$c20110630$lBLL01$h1544
=CAT  \\$aCDS12-UPD$b40$c20111002$lBLL01$h2318
=CAT  \\$aBATCH-CLA$b00$c20121109$lBLL01$h1730
=CAT  \\$aBLDSS-3PM$b00$c20141016$lBLL01$h1329
=CAT  \\$aBATCH-UPD$b00$c20160413$lBLL01$h1818
=CAT  \\$aBATCH-UPD$b00$c20160524$lBLL01$h2238
=CAT  \\$aBATCH-UPD$b00$c20160525$lBLL01$h0436
=CAT  \\$a10806$b40$c20200304$lBLL01$h1402
=CAT  \\$a7764$b40$c20220114$lBLL01$h1110
=CFI  0\$aCurrent copyright fee: GBP28.00$c48\0$e01-jul-2011$fGBP28.00$g0$hP$5Uk
=CFI  2\$aPrevious copyright fee: GBP20.00$c48\0$e13-apr-2010$fGBP20.00$g0$hP$5Uk
=FFP  \\$aY$bBLDSS-3PM
=FMT  \\$a  SE
=LAS  \\$a7764$b40$c20220114$lBLL01$h1110
=STA  \\$aSUPPRESSED$bISSN
=TCO  \\$aCLA$bCLA$c008
=TOC  \\$aETOC
=UNO  \\$aY

