=LDR  02562 as a22006738a 4500
=001  012992586
=003  Uk
=005  20200304140155.0
=006  m\\\\\\\\d\|\\\\\\
=007  cr||||||||||||
=008  040915c20069999enkqr\\\s\\\\\0\\\a0eng\\
=022  0\$a1745-3151$202
=037  \\$aIJESII$bInderscience
=040  \\$aUk$beng$cUk
=042  \\$axissnuk
=222  \0$aInternational journal of enterprise systems integration and interoperability$b(Online)
=245  00$aInternational journal of enterprise systems integration and interoperability (Online).
=260  \\$aOlney :$bInderscience.
=263  \\$a200810
=310  \\$aQuarterly
=336  \\$atext$2rdacontent
=337  \\$acomputer$2rdamedia
=338  \\$aonline resource$2rdacarrier
=540  \\$aCurrent copyright fee: GBP28.00$c48\0$5Uk
=776  0\$tInternational journal of enterprise systems integration and interoperability$c(Print)$x1745-3143
=852  41$aBritish Library$bHMNTS$jELD Digital store$3Content not received
=856  \\$31850-9999$uhttp://www.inderscience.com/$xBLDSS
=859  \\$aELD$bejournal
=945  \\$aInternational journal of enterprise systems integration and interoperability.
=979  \\$aBritish Library$bDSC$j4542.240308
=985  \\$aRemove "online" from 245
=985  \\$aISSN suppressed 04/03/20. Not published.
=985  \\$aPlease do not merge this record
=CAT  \\$a9570$b40$c20040915$lBLL01$h1011
=CAT  \\$a11316$b40$c20041119$lBLL01$h1123
=CAT  \\$a6971$b40$c20060508$lBLL01$h1315
=CAT  \\$a5552$b40$c20100413$lBLL01$h1034
=CAT  \\$aBATCH-UPD$b40$c20110518$lBLL01$h0953
=CAT  \\$aIPL-CLA$c20110630$lBLL01$h1544
=CAT  \\$aBLDSS-3PM$b00$c20141016$lBLL01$h1329
=CAT  \\$a14448$b40$c20160304$lBLL01$h0836
=CAT  \\$a10983$b40$c20160311$lBLL01$h0845
=CAT  \\$aBATCH-UPD$b40$c20160413$lBLL01$h1818
=CAT  \\$aBATCH-UPD$b40$c20160524$lBLL01$h2238
=CAT  \\$aBATCH-UPD$b40$c20160525$lBLL01$h0436
=CAT  \\$a5552$b40$c20170508$lBLL01$h1336
=CAT  \\$a5410$b40$c20170519$lBLL01$h1620
=CAT  \\$aW1711-1005$c20171206$lBLL01$h1817
=CAT  \\$a10806$b40$c20200304$lBLL01$h1401
=CFI  0\$aCurrent copyright fee: GBP28.00$c48\0$e01-jul-2011$fGBP28.00$g0$hP$5Uk
=CFI  2\$aPrevious copyright fee: GBP20.00$c48\0$e13-apr-2010$fGBP20.00$g0$hP$5Uk
=FFP  \\$aY$bBLDSS-3PM
=FMT  \\$a  SE
=LAS  \\$a10806$b40$c20200304$lBLL01$h1401
=MNI  \\$a1745-3143
=STA  \\$aSUPPRESSED$bISSN
=TCO  \\$aCLA$bCLA$c008
=TOC  \\$aETOC
=UNO  \\$aY

