=LDR  01818 as a22004818a 4500
=001  014920229
=003  Uk
=005  20160311141723.0
=006  m\\\\\\\\d\|\\\\\\
=007  cr||||||||||||
=008  090303c20109999enkqr\p\s\\\\\0\\\a0eng\\
=022  0\$a2040-4255$202
=037  \\$aIJSRPSD$bInderscience
=040  \\$aUk$beng$cUk
=042  \\$axissnuk
=222  \0$aInternational journal of Sudan research, policy and sustainable development$b(Online)
=245  00$aInternational journal of Sudan research, policy and sustainable development (Online).
=260  \\$aOlney :$bInderscience Publishers
=263  \\$a201001
=310  \\$aQuarterly
=336  \\$atext$2rdacontent
=337  \\$acomputer$2rdamedia
=338  \\$aonline resource$2rdacarrier
=776  0\$tInternational journal of Sudan research, policy and sustainable development$c(Print)$x2040-4247
=852  41$aBritish Library$bHMNTS$jELD Digital store$3Content not received
=859  \\$aELD$bejournal
=985  \\$aISSN suppressed 23.04.2013. Not published.
=985  \\$aISSN record only. Do not merge. Do not add items.
=CAT  \\$a10806$b40$c20090303$lBLL01$h1459
=CAT  \\$a5552$b40$c20110314$lBLL01$h1152
=CAT  \\$aBATCH-UPD$b40$c20110518$lBLL01$h0954
=CAT  \\$aIPL-CLA$c20110630$lBLL01$h1549
=CAT  \\$a11130$b40$c20130423$lBLL01$h1405
=CAT  \\$aBLDSS-3PM$b00$c20141016$lBLL01$h1329
=CAT  \\$a10806$b40$c20141111$lBLL01$h0947
=CAT  \\$a14448$b40$c20160304$lBLL01$h0940
=CAT  \\$a8311$b40$c20160311$lBLL01$h1417
=CAT  \\$aW1711-1005$c20171206$lBLL01$h1821
=FMT  \\$a  SE
=LAS  \\$aW1711-1005$b00$c20171206$lBLL01$h1821
=LET  \0$aInternational journal of Sudan research, policy and sustainable development (Online)
=STA  \\$aSUPPRESSED$bISSN
=TCO  \\$aCLA$bCLA$c008

