=LDR  00948 as a22003258a 4500
=001  015506890
=003  Uk
=005  20120123143309.0
=008  100310c20109999enkfr\p\\\\\\\0\\\a0eng\\
=022  0\$a2043-8516$202
=040  \\$aUk$beng$cUk
=042  \\$axissnuk
=222  \0$aAngelina special!
=245  00$aAngelina special!
=260  \\$aBristol :$bKennedy Publishing
=263  \\$a201006
=310  \\$aSemi-annual
=336  \\$atext$2rdacontent
=337  \\$aunmediated$2rdamedia
=338  \\$avolume$2rdacarrier
=852  41$aBritish Library$bHMNTS
=985  \\$aISSN suppressed 23.01.2012. Not a serial.
=985  \\$aISSN record only. Do not merge. Do not add items.
=CAT  \\$a11313$b40$c20100310$lBLL01$h1343
=CAT  \\$a11130$b40$c20120123$lBLL01$h1433
=CAT  \\$aBATCH-UPD$b40$c20121030$lBLL01$h1629
=FMT  \\$a  SE
=LAS  \\$aBATCH-UPD$b40$c20121030$lBLL01$h1629
=STA  \\$aSUPPRESSED$bISSN
=TCO  \\$aCLA$bCLA$c008

