=LDR  01719 as a22004578a 4500
=001  015863981
=003  Uk
=005  20200304133809.0
=006  m\\\\\\\\d\|\\\\\\
=007  cr||||||||||||
=008  110809c20139999enkqr\p\s\\\\\0\\\a0eng\\
=022  0\$a2047-9069$202
=037  \\$aIJCMME$bInderscience
=040  \\$aUk$beng$cUk
=042  \\$axissnuk
=222  \0$aInternational journal of computational microbiology and medical ecology$b(Online)
=245  00$aInternational journal of computational microbiology and medical ecology (Online).
=260  \\$aOlney :$bInderscience
=263  \\$a201301
=310  \\$aQuarterly
=336  \\$atext$2rdacontent
=337  \\$acomputer$2rdamedia
=338  \\$aonline resource$2rdacarrier
=776  0\$tInternational journal of computational microbiology and medical ecology$c(Print)$x2047-9050
=852  41$aBritish Library$bSTI$jELD Digital store$3Previous issues available in print copy***Content not received
=859  \\$aELD$bejournal
=985  \\$aISSN suppressed 04/03/20. Not published.
=985  \\$aPlease do not merge this record
=CAT  \\$a10973$b40$c20110809$lBLL01$h1213
=CAT  \\$a8411$b40$c20141215$lBLL01$h1210
=CAT  \\$a8411$b40$c20141215$lBLL01$h1214
=CAT  \\$aW1610-0943$c20161017$lBLL01$h0904
=CAT  \\$aW1711-1005$c20171205$lBLL01$h2212
=CAT  \\$a10806$b40$c20200304$lBLL01$h1338
=FMT  \\$a  SE
=LAS  \\$a10806$b40$c20200304$lBLL01$h1338
=LET  \0$aInternational journal of computational microbiology and medical ecology (Online)
=LET  \0$aInternational journal of ecological bioscience and biotechnology (Print)
=MNI  \\$a2047-9050
=STA  \\$aSUPPRESSED$bISSN
=TCO  \\$aCLA$bCLA$c008

