=LDR  01024 as a22003498a 4500
=001  015973124
=003  Uk
=005  20121019095308.0
=007  ta
=008  111122c20119999enkbr\p\\\\\\\0\\\a0eng\\
=022  0\$a2049-2863$202
=040  \\$aUk$beng$cUk
=042  \\$axissnuk
=222  \0$aPocket quiz collection
=245  00$aPocket quiz collection.
=260  \\$aNewton Abbot :$bBromleigh House
=263  \\$a201112
=310  \\$aBimonthly
=336  \\$atext$2rdacontent
=337  \\$aunmediated$2rdamedia
=338  \\$avolume$2rdacarrier
=852  41$aBritish Library$bHMNTS
=985  \\$aISSN suppressed 19.10.2012. Not published.
=985  \\$aISSN record only. Do not merge. Do not add items.
=CAT  \\$a10973$b40$c20111122$lBLL01$h0924
=CAT  \\$aBATCH-TCO$c20120117$lBLL01$h0040
=CAT  \\$a11130$b40$c20121019$lBLL01$h0953
=CAT  \\$aBATCH-UPD$b40$c20121030$lBLL01$h1629
=FMT  \\$a  SE
=LAS  \\$aBATCH-UPD$b40$c20121030$lBLL01$h1629
=STA  \\$aSUPPRESSED$bISSN
=TCO  \\$aCLA$bCLA$c008

