=LDR  01319 as a22003858a 4500
=001  016125463
=003  Uk
=005  20151116085912.0
=006  m\\\\\\\\d\|\\\\\\
=007  cr||||||||||||
=008  120716c20129999enk\x\p\o\\\\\0\\\a0eng\\
=022  0\$a2050-7410$202
=037  \\$a???$bBioMed Central
=040  \\$aUk$beng$cUk
=042  \\$axissnuk
=222  \0$aVideo journal of endoscopic surgery and interventional techniques
=245  00$aVideo journal of endoscopic surgery and interventional techniques$h[electronic resource].
=260  \\$aLondon :$bBioMed Central
=263  \\$a201212
=336  \\$atext$2rdacontent
=337  \\$acomputer$2rdamedia
=338  \\$aonline resource$2rdacarrier
=852  41$aBritish Library$bHMNTS$jELD Digital store$3Content not received
=859  \\$aELD$bejournal
=985  \\$aISSN suppressed 16/11/15. Not published.
=985  \\$aPlease do not merge this record
=CAT  \\$a10973$b40$c20120716$lBLL01$h1530
=CAT  \\$a11316$b40$c20120720$lBLL01$h1448
=CAT  \\$a11433$b40$c20151114$lBLL01$h1043
=CAT  \\$a10806$b40$c20151116$lBLL01$h0859
=CAT  \\$aW1711-1005$c20171206$lBLL01$h1824
=FMT  \\$a  SE
=LAS  \\$aW1711-1005$b00$c20171206$lBLL01$h1824
=LET  \0$aVideo journal of endoscopic surgery (Electronic)
=STA  \\$aSUPPRESSED$bISSN

