=LDR  01560 as a22004218a 4500
=001  016196532
=003  Uk
=005  20200304131347.0
=006  m\\\\\\\\d\|\\\\\\
=007  cr||||||||||||
=008  121024c20149999enkqr\p\o\\\\\0\\\a0eng\\
=022  0\$a2051-2910$202
=037  \\$aIJQISR$bInderscience
=040  \\$aUk$beng$cUk
=042  \\$axissnuk
=222  \0$aInternational journal of qualitative information systems research$b(Online)
=245  00$aInternational journal of qualitative information systems research$h[electronic resource].
=260  \\$aOlney :$bInderscience Publishers
=263  \\$a201401
=310  \\$aQuarterly
=336  \\$atext$2rdacontent
=337  \\$acomputer$2rdamedia
=338  \\$aonline resource$2rdacarrier
=776  0\$tInternational journal of qualitative information systems research$c(Print)$x2051-2902
=852  41$aBritish Library$bHMNTS$jELD Digital store$3Content not received***Previous issues available in print copy
=859  \\$aELD$bejournal
=985  \\$aISSN suppressed 04/03/20. Not published.
=985  \\$aPlease do not merge this record
=CAT  \\$a11313$b40$c20121024$lBLL01$h0906
=CAT  \\$a11433$b40$c20141229$lBLL01$h1453
=CAT  \\$aW1610-0943$c20161017$lBLL01$h0904
=CAT  \\$aW1711-1005$c20171206$lBLL01$h1825
=CAT  \\$a10806$b40$c20200304$lBLL01$h1313
=FMT  \\$a  SE
=LAS  \\$a10806$b40$c20200304$lBLL01$h1313
=LET  \0$aInternational journal of qualitative information systems research (Electronic)
=MNI  \\$a2051-2902
=STA  \\$aSUPPRESSED$bISSN

