=LDR  00867 as a22003138i 4500
=001  016470982
=003  Uk
=005  20131022144006.0
=007  ta
=008  130812c20149999enkmr\p\\\\\\\0\\\a0eng\\
=022  0\$a2053-4388$202
=040  \\$aUk$beng$cUk$erda
=042  \\$axissnuk
=222  \0$aPalace pets
=245  00$aPalace pets.
=263  \\$a201401
=264  \1$aBristol :$bKennedy Publishing
=310  \\$aMonthly
=336  \\$atext$2rdacontent
=337  \\$aunmediated$2rdamedia
=338  \\$avolume$2rdacarrier
=852  41$aBritish Library$bHMNTS
=985  \\$aISSN suppressed 22.10.2013. Not published.
=985  \\$aISSN record only. Do not merge. Do not add items.
=CAT  \\$a10973$b40$c20130812$lBLL01$h1030
=CAT  \\$a11130$b40$c20131022$lBLL01$h1440
=FMT  \\$a  SE
=LAS  \\$a11130$b40$c20131022$lBLL01$h1440
=STA  \\$aSUPPRESSED$bISSN

