=LDR  00990 as a2200325 i 4500
=001  016488168
=003  Uk
=005  20130909120455.0
=007  ta
=008  130903c20139999enkmx\p\\\\\\\0\\\a0eng\\
=022  0\$a2053-5317$202
=040  \\$aUk$beng$cUk$erda
=042  \\$axissnuk
=222  \0$aSpongeBob comics
=245  00$aSpongeBob comics.
=246  3\$aSponge Bob comics
=264  \1$aLondon :$bTitan Magazines
=310  \\$aThirteen issues yearly
=336  \\$atext$2rdacontent
=337  \\$aunmediated$2rdamedia
=338  \\$avolume$2rdacarrier
=852  41$aBritish Library$bHMNTS$jZK.9.b.33017$3Vol. 1, no. 6 (Mar. 2013)
=985  \\$aISSN suppressed 9.9.2013. Double assignment with ISSN 2050-4403.
=985  \\$aISSN RECORD ONLY. Please do not merge this record.
=CAT  \\$a5997$b40$c20130903$lBLL01$h1109
=CAT  \\$a10973$b40$c20130909$lBLL01$h1204
=FIN  \\$aY$d20130903
=FMT  \\$a  SE
=LAS  \\$a10973$b40$c20130909$lBLL01$h1204
=STA  \\$aSUPPRESSED$bISSN

