=LDR  01434 as a22004218i 4500
=001  016517122
=003  Uk
=005  20160118085150.0
=006  m\\\\\\\\d\|\\\\\\
=007  cr||||||||||||
=008  131009c20149999enk\x\p\o\\\\\0\\\a0eng\\
=022  0\$a2054-1783$202
=037  \\$a???$bBioMed Central
=040  \\$aUk$beng$cUk$erda
=042  \\$axissnuk
=222  \0$aJournal of invasive and interventional cardiology
=245  00$aJournal of invasive and interventional cardiology.
=263  \\$a201404
=264  \1$aLondon :$bBioMed Central
=310  \\$aIrregular
=336  \\$atext$2rdacontent
=337  \\$acomputer$2rdamedia
=338  \\$aonline resource$2rdacarrier
=852  41$aBritish Library$bHMNTS$jELD Digital store$3Content not received
=859  \\$aELD$bejournal
=985  \\$aNYP - Checked 08/01/16 (Richard, Leeds)
=985  \\$aISSN suppressed 18.01.2016. Not published.
=985  \\$aISSN record only. Do not merge. Do not add items.
=CAT  \\$a10973$b40$c20131009$lBLL01$h1406
=CAT  \\$a14448$b40$c20151111$lBLL01$h1444
=CAT  \\$a14448$b40$c20151111$lBLL01$h1445
=CAT  \\$a10806$b40$c20160108$lBLL01$h0955
=CAT  \\$a11130$b40$c20160118$lBLL01$h0851
=CAT  \\$aW1711-1005$c20171206$lBLL01$h1825
=FMT  \\$a  SE
=LAS  \\$aW1711-1005$b00$c20171206$lBLL01$h1825
=LET  \0$aJournal of invasive and interventional cardiology (Electronic)
=STA  \\$aSUPPRESSED$bISSN

