=LDR  01273 as a22003858i 4500
=001  016631973
=003  Uk
=005  20160118085412.0
=006  m\\\\\\\\d\|\\\\\\
=007  cr||||||||||||
=008  140218c20149999enk\x\p\o\\\\\0\\\a0eng\\
=022  0\$a2055-0529$202
=037  \\$a???$bBioMed Central
=040  \\$aUk$beng$cUk$erda
=042  \\$axissnuk
=222  \0$aSexually transmitted diseases and sexual health
=245  00$aSexually transmitted diseases and sexual health.
=263  \\$a201408
=264  \1$aLondon :$bBioMed Central
=310  \\$aIrregular
=336  \\$atext$2rdacontent
=337  \\$acomputer$2rdamedia
=338  \\$aonline resource$2rdacarrier
=852  41$aBritish Library$bHMNTS$jELD Digital store$3Content not received
=859  \\$aELD$bejournal
=985  \\$aISSN suppressed 18.01.2016. Not published.
=985  \\$aISSN record only. Do not merge. Do not add tems.
=CAT  \\$a10973$b40$c20140218$lBLL01$h1416
=CAT  \\$a11433$b40$c20151110$lBLL01$h1410
=CAT  \\$a11130$b40$c20160118$lBLL01$h0854
=CAT  \\$aW1711-1005$c20171206$lBLL01$h1826
=FMT  \\$a  SE
=LAS  \\$aW1711-1005$b00$c20171206$lBLL01$h1826
=LET  \0$aSexually transmitted diseases and sexual health (Electronic)
=STA  \\$aSUPPRESSED$bISSN

