=LDR  01167 as a22003738i 4500
=001  017066765
=003  Uk
=005  20170814143541.0
=006  m\\\\\\\\d\|\\\\\\
=007  cr||||||||||||
=008  150212c20159999enkar\p\o\\\\\0\\\a0eng\\
=022  0\$a2058-511X$202
=037  \\$a???$bBioMed Central
=040  \\$aUk$beng$cUk$erda
=042  \\$axissnuk
=222  \0$aKidney disease and transplantation
=245  00$aKidney disease and transplantation
=263  \\$a201509
=264  \1$aLondon :$bBioMed Central
=310  \\$aAnnual
=336  \\$atext$2rdacontent
=337  \\$acomputer$2rdamedia
=338  \\$aonline resource$2rdacarrier
=852  41$aBritish Library$bHMNTS$jELD Digital store$3Content not received
=859  \\$aELD$bejournal
=985  \\$aISSN suppressed 14.08.2017. Not published.
=985  \\$aISSN record only. Do not merge. Do not add items.
=CAT  \\$a11315$b40$c20150212$lBLL01$h1148
=CAT  \\$a14448$b40$c20151112$lBLL01$h0816
=CAT  \\$a11130$b40$c20170814$lBLL01$h1435
=CAT  \\$aW1711-1005$c20171206$lBLL01$h1828
=FMT  \\$a  SE
=LAS  \\$aW1711-1005$b00$c20171206$lBLL01$h1828
=STA  \\$aSUPPRESSED$bISSN

