=LDR  01844cas a22005418i 4500
=001  017100163
=003  Uk
=005  20221018110135.0
=006  m\\\\\\\\d\|\\\\\\
=007  cr||||||||||||
=008  150305d2015201uenk\x\p\o\\\\\0\\\a0eng\\
=022  0\$a2058-7473$202
=037  \\$aJCO$bSage (UK) Ltd
=040  \\$aUk$beng$cUk$erda
=042  \\$axissnuk
=222  \0$aJournal of connectivity
=245  00$aJournal of connectivity.
=263  \\$a201511
=264  \1$aLondon :$bSAGE Publications Ltd
=336  \\$atext$2rdacontent
=337  \\$acomputer$2rdamedia
=338  \\$aonline resource$2rdacarrier
=540  \\$aCurrent copyright fee: zero$c19\0$5Uk
=852  41$aBritish Library$bHMNTS$jELD Digital store$3Content not received
=856  \\$31850-9999$uhttp://www.uk.sagepub.com/home.nav$xBLDSS
=859  \\$aELD$bejournal
=945  \\$aJournal of connectivity.
=979  \\$aBritish Library$bDSC$j4965.151000N
=985  \\$aISSN suppressed 24.01.2017. Not published.
=985  \\$aISSN record only. Do not merge. Do not add items.
=CAT  \\$a11315$b40$c20150305$lBLL01$h1409
=CAT  \\$a5552$b40$c20160217$lBLL01$h0925
=CAT  \\$aBLDSS-3PM$b00$c20160225$lBLL01$h1643
=CAT  \\$a14448$b40$c20160226$lBLL01$h0946
=CAT  \\$aBATCH-UPD$b40$c20160413$lBLL01$h1828
=CAT  \\$aBATCH-UPD$b40$c20160524$lBLL01$h2200
=CAT  \\$aBATCH-UPD$b40$c20160524$lBLL01$h2307
=CAT  \\$a11130$b40$c20170124$lBLL01$h1634
=CAT  \\$a5552$b40$c20170421$lBLL01$h1538
=CAT  \\$aW1711-1005$c20171206$lBLL01$h1828
=CAT  \\$a6490$b40$c20221018$lBLL01$h1101
=CFI  0\$aCurrent copyright fee: zero$c19\0$e17-feb-2016$fGBP0.00$g0$hP$5Uk
=FFP  \\$aY$bBLDSS-3PM
=FMT  \\$a  SE
=LAS  \\$a6490$b40$c20221018$lBLL01$h1101
=STA  \\$aSUPPRESSED$bISSN
=TOC  \\$aETOC
=UNO  \\$aY

