=LDR  00896 as a22003138i 4500
=001  017159437
=003  Uk
=005  20191113123645.0
=007  ta
=008  150416c20159999enkbr\p\\\\\\\0\\\a0eng\\
=022  0\$a2059-0172$202
=040  \\$aUk$beng$cUk$erda
=042  \\$axissnuk
=222  \0$aTwinkle$b(Qualify)
=245  00$aTwinkle
=263  \\$a201505
=264  \1$aSowton :$bLCD Publishing
=310  \\$aBimonthly
=336  \\$atext$2rdacontent
=337  \\$aunmediated$2rdamedia
=338  \\$avolume$2rdacarrier
=852  41$aBritish Library$bHMNTS
=985  \\$aISSN Suppressed 13.11.2019. No evidence of publication.
=985  \\$aISSN record only. Please do not merge this record. Do not add items.
=CAT  \\$a11315$b40$c20150416$lBLL01$h1139
=CAT  \\$a5466$b40$c20191113$lBLL01$h1236
=FMT  \\$a  SE
=LAS  \\$a5466$b40$c20191113$lBLL01$h1236
=STA  \\$aSUPPRESSED$bISSN

