=LDR  01498 as a22004578i 4500
=001  017442729
=003  Uk
=005  20181214142707.0
=006  m\\\\\\\\d\|\\\\\\
=007  cr||||||||||||
=008  150713c20169999enkwr\p\o\\\\\0\\\a0eng\\
=022  0\$a2059-4690$202
=037  \\$a???$bSpringer
=040  \\$aUk$beng$cUk$erda
=042  \\$axissnuk
=222  \0$anpj molecular phenomics
=245  00$anpj molecular phenomics.
=246  3\$aNature Partner Journals molecular phenomics
=263  \\$a201603
=264  \1$aBasingstoke :$bNature Publishing Group
=310  \\$aWeekly
=336  \\$atext$2rdacontent
=337  \\$acomputer$2rdamedia
=338  \\$aonline resource$2rdacarrier
=852  41$aBritish Library$bHMNTS$jELD Digital store$3Content not received
=856  \\$31850-9999$uhttp://www.nature.com/$xBLDSS
=859  \\$aELD$bejournal
=985  \\$aISSN suppressed 13/11/18 Not published.
=985  \\$aPlease do not merge this record
=CAT  \\$a10973$b40$c20150713$lBLL01$h1407
=CAT  \\$a5552$b40$c20161107$lBLL01$h1332
=CAT  \\$aBLDSS-3PM$b00$c20161115$lBLL01$h1529
=CAT  \\$aBATCH-UPD$b00$c20161115$lBLL01$h1531
=CAT  \\$a14586$b40$c20180112$lBLL01$h1353
=CAT  \\$a10983$b40$c20180208$lBLL01$h1046
=CAT  \\$a10806$b40$c20181113$lBLL01$h0841
=CAT  \\$a5552$b40$c20181214$lBLL01$h1427
=FMT  \\$a  SE
=LAS  \\$a5552$b40$c20181214$lBLL01$h1427
=LET  \0$anpj molecular phenomics (Electronic)
=STA  \\$aSUPPRESSED$bISSN

