=LDR  01967 as a22005418i 4500
=001  018310037
=003  Uk
=005  20190208135000.0
=006  m\\\\\\\\d\|\\\\\\
=007  cr||||||||||||
=008  170421c20189999stkfr\p\o\\\\\0\\\a0eng\\
=022  0\$a2514-8249$202
=037  \\$aISSN_25148230$bPortico$nEdinburgh University Press
=040  \\$aUk$beng$cUk$erda
=042  \\$axissnuk
=222  \0$aNineteenth-century popular fiction$b(Online)
=245  00$aNineteenth-century popular fiction.
=263  \\$a201804
=264  \1$aEdinburgh :$bEdinburgh University Press
=310  \\$aSemiannual
=336  \\$atext$2rdacontent
=337  \\$acomputer$2rdamedia
=338  \\$aonline resource$2rdacarrier
=540  \\$aCurrent copyright fee: GBP15.00$c121\0$5Uk
=776  08$iAlso issued in print as:$tNineteenth-century popular fiction$x2514-8230
=852  41$aBritish Library$bHMNTS$jELD Digital store$3Content not received
=856  \\$31850-9999$uhttp://www.euppublishing.com/journals$xBLDSS
=859  \\$aELD$bejournal
=945  \\$aNineteenth century popular fiction.
=979  \\$aBritish Library$bDSC$j6113.231100N
=985  \\$aISSN suppressed 08.02.2019. Not published.
=985  \\$aISSN record only. Do not merge. Do not add items.
=CAT  \\$a10973$b40$c20170421$lBLL01$h1444
=CAT  \\$a10983$b40$c20171101$lBLL01$h1358
=CAT  \\$aW1711-1005$c20171206$lBLL01$h1830
=CAT  \\$a6811$b40$c20180108$lBLL01$h1138
=CAT  \\$a5552$b40$c20180322$lBLL01$h1541
=CAT  \\$aBLDSS-3PM$b00$c20180329$lBLL01$h1322
=CAT  \\$aBATCH-UPD$b00$c20180329$lBLL01$h1323
=CAT  \\$a11130$b40$c20190208$lBLL01$h1350
=CFI  0\$aCurrent copyright fee: GBP15.00$c121\0$e22-mar-2018$fGBP15.00$g0$hP$5Uk
=FFP  \\$aY$bBLDSS-3PM
=FMT  \\$a  SE
=LAS  \\$a11130$b40$c20190208$lBLL01$h1350
=LET  \0$aNineteenth-century popular fiction (Electronic)
=STA  \\$aSUPPRESSED$bISSN
=TOC  \\$aETOC
=UNO  \\$aY

