=LDR  01274cas a22003858i 4500
=001  018580865
=003  Uk
=005  20210603091735.0
=006  m\\\\\\\\d\|\\\\\\
=007  cr||||||||||||
=008  171101c20179999enkqr\p\o\\\\\0\\\a0eng\\
=022  0\$a2515-8902$202
=037  \\$a???$bUbiquity Press Ltd
=040  \\$aUk$beng$cUk$erda
=042  \\$axissnuk
=222  \0$aAnnals of medicine and surgery. Protocols
=245  00$aAnnals of medicine and surgery.$pProtocols.
=263  \\$a201712
=264  \1$aRedbridge :$bIJS Publishing Group
=310  \\$aQuarterly
=336  \\$atext$2rdacontent
=337  \\$acomputer$2rdamedia
=338  \\$aonline resource$2rdacarrier
=852  41$aBritish Library$bHMNTS$jELD Digital store$3Volume 1:Issue 1(2018)-
=859  \\$aELD$bejournal
=985  \\$aISSN Centre note: Please see correspondence re-Elsevier.
=985  \\$aISSN suppressed. Not published. 17.11.2020.
=985  \\$aISSN RECORD ONLY. DO NOT MERGE.
=CAT  \\$a11205$b40$c20171101$lBLL01$h1231
=CAT  \\$a10973$b40$c20201117$lBLL01$h0932
=CAT  \\$a11450$b40$c20210603$lBLL01$h0917
=FMT  \\$a  SE
=LAS  \\$a11450$b40$c20210603$lBLL01$h0917
=LET  \0$aAnnals of medicine and surgery. Protocols (Electronic)
=STA  \\$aSUPPRESSED$bISSN

